<?xml version="1.0" encoding="UTF-8"?><collection xmlns="http://www.loc.gov/MARC21/slim"><record><leader>00341nam--2200133-i-4500</leader><controlfield tag="001">000006882</controlfield><controlfield tag="002">20161230</controlfield><controlfield tag="005">20161230201027</controlfield><controlfield tag="008">060222s1000------------r-----000-0-eng-d</controlfield><datafield ind1=" " ind2=" " tag="080"><subfield code="a">621.375.82</subfield></datafield><datafield ind1=" " ind2=" " tag="245"><subfield code="a">Bibliography on masers,1954-1961</subfield></datafield><datafield ind1=" " ind2=" " tag="260"><subfield code="a">Oak Ridge,Tenn.,Becker And Warren,1963. 63p</subfield></datafield><datafield ind1=" " ind2=" " tag="700"><subfield code="a">Becker P.W./S.A.</subfield></datafield><datafield ind1=" " ind2=" " tag="852"><subfield code="a">D.1116</subfield></datafield></record></collection>